%YAML 1.1
%TAG !u! tag:unity3d.com,2011:
--- !u!114 &1376174952272093210
MonoBehaviour:
  m_ObjectHideFlags: 0
  m_CorrespondingSourceObject: {fileID: 0}
  m_PrefabInstance: {fileID: 0}
  m_PrefabAsset: {fileID: 0}
  m_GameObject: {fileID: 186430926273889037}
  m_Enabled: 1
  m_EditorHideFlags: 0
  m_Script: {fileID: 11500000, guid: 7a5ac11cc976e418e8d13136b07e1f52, type: 3}
  m_Name: 
  m_EditorClassIdentifier: 
  m_AgentTypeID: 0
  m_CollectObjects: 0
  m_Size: {x: 10, y: 10, z: 10}
  m_Center: {x: 0, y: 2, z: 0}
  m_LayerMask:
    serializedVersion: 2
    m_Bits: 4294967295
  m_UseGeometry: 0
  m_DefaultArea: 0
  m_IgnoreNavMeshAgent: 1
  m_IgnoreNavMeshObstacle: 1
  m_OverrideTileSize: 0
  m_TileSize: 256
  m_OverrideVoxelSize: 0
  m_VoxelSize: 0.083333336
  m_BuildHeightMesh: 0
  m_NavMeshData: {fileID: 23800000, guid: 5f4685e96d838be4381642ada31010db, type: 2}
--- !u!1 &5248911395676483441
GameObject:
  m_ObjectHideFlags: 0
  m_CorrespondingSourceObject: {fileID: 0}
  m_PrefabInstance: {fileID: 0}
  m_PrefabAsset: {fileID: 0}
  serializedVersion: 6
  m_Component:
  - component: {fileID: 1069170022672013486}
  - component: {fileID: 479836688621385440}
  m_Layer: 0
  m_Name: RoomItem
  m_TagString: Untagged
  m_Icon: {fileID: 0}
  m_NavMeshLayer: 0
  m_StaticEditorFlags: 0
  m_IsActive: 1
--- !u!4 &1069170022672013486
Transform:
  m_ObjectHideFlags: 0
  m_CorrespondingSourceObject: {fileID: 0}
  m_PrefabInstance: {fileID: 0}
  m_PrefabAsset: {fileID: 0}
  m_GameObject: {fileID: 5248911395676483441}
  m_LocalRotation: {x: 0, y: 0, z: 0, w: 1}
  m_LocalPosition: {x: 0, y: 0, z: 0}
  m_LocalScale: {x: 1, y: 1, z: 1}
  m_Children:
  - {fileID: 1701698891366365238}
  - {fileID: 95066777689643046}
  - {fileID: 9092492668840423769}
  - {fileID: 8616057394237460891}
  - {fileID: 1942556775593294292}
  m_Father: {fileID: 0}
  m_RootOrder: 0
  m_LocalEulerAnglesHint: {x: 0, y: 0, z: 0}
--- !u!114 &479836688621385440
MonoBehaviour:
  m_ObjectHideFlags: 0
  m_CorrespondingSourceObject: {fileID: 0}
  m_PrefabInstance: {fileID: 0}
  m_PrefabAsset: {fileID: 0}
  m_GameObject: {fileID: 5248911395676483441}
  m_Enabled: 1
  m_EditorHideFlags: 0
  m_Script: {fileID: 11500000, guid: 8bf80d855110ea04782bdc82789144b9, type: 3}
  m_Name: 
  m_EditorClassIdentifier: 
  roomType: 2
--- !u!1 &5581127199866956301
GameObject:
  m_ObjectHideFlags: 0
  m_CorrespondingSourceObject: {fileID: 0}
  m_PrefabInstance: {fileID: 0}
  m_PrefabAsset: {fileID: 0}
  serializedVersion: 6
  m_Component:
  - component: {fileID: 1942556775593294292}
  m_Layer: 0
  m_Name: RoomObjects
  m_TagString: Untagged
  m_Icon: {fileID: 0}
  m_NavMeshLayer: 0
  m_StaticEditorFlags: 0
  m_IsActive: 1
--- !u!4 &1942556775593294292
Transform:
  m_ObjectHideFlags: 0
  m_CorrespondingSourceObject: {fileID: 0}
  m_PrefabInstance: {fileID: 0}
  m_PrefabAsset: {fileID: 0}
  m_GameObject: {fileID: 5581127199866956301}
  m_LocalRotation: {x: 0, y: 0, z: 0, w: 1}
  m_LocalPosition: {x: 0, y: 0, z: 0}
  m_LocalScale: {x: 1, y: 1, z: 1}
  m_Children:
  - {fileID: 186430926273889034}
  - {fileID: 6461221045256444521}
  - {fileID: 1029335092441106081}
  - {fileID: 1029335093365842412}
  - {fileID: 1029335092952427747}
  - {fileID: 2304039521639205410}
  - {fileID: 3081301467482298562}
  - {fileID: 3081301467412064783}
  - {fileID: 6760804365507361080}
  m_Father: {fileID: 1069170022672013486}
  m_RootOrder: 4
  m_LocalEulerAnglesHint: {x: 0, y: 0, z: 0}
--- !u!1001 &186430926176421476
PrefabInstance:
  m_ObjectHideFlags: 0
  serializedVersion: 2
  m_Modification:
    m_TransformParent: {fileID: 1942556775593294292}
    m_Modifications:
    - target: {fileID: 1230313603580933416, guid: b877027f78d315346b7f032f173e6e0a,
        type: 3}
      propertyPath: m_Name
      value: RoomCorner (2)
      objectReference: {fileID: 0}
    - target: {fileID: 927384323073419144, guid: b877027f78d315346b7f032f173e6e0a,
        type: 3}
      propertyPath: m_LocalPosition.x
      value: 5
      objectReference: {fileID: 0}
    - target: {fileID: 927384323073419144, guid: b877027f78d315346b7f032f173e6e0a,
        type: 3}
      propertyPath: m_LocalPosition.y
      value: 0
      objectReference: {fileID: 0}
    - target: {fileID: 927384323073419144, guid: b877027f78d315346b7f032f173e6e0a,
        type: 3}
      propertyPath: m_LocalPosition.z
      value: 5
      objectReference: {fileID: 0}
    - target: {fileID: 927384323073419144, guid: b877027f78d315346b7f032f173e6e0a,
        type: 3}
      propertyPath: m_LocalRotation.x
      value: -0
      objectReference: {fileID: 0}
    - target: {fileID: 927384323073419144, guid: b877027f78d315346b7f032f173e6e0a,
        type: 3}
      propertyPath: m_LocalRotation.y
      value: 0.7071068
      objectReference: {fileID: 0}
    - target: {fileID: 927384323073419144, guid: b877027f78d315346b7f032f173e6e0a,
        type: 3}
      propertyPath: m_LocalRotation.z
      value: -0
      objectReference: {fileID: 0}
    - target: {fileID: 927384323073419144, guid: b877027f78d315346b7f032f173e6e0a,
        type: 3}
      propertyPath: m_LocalRotation.w
      value: 0.7071068
      objectReference: {fileID: 0}
    - target: {fileID: 927384323073419144, guid: b877027f78d315346b7f032f173e6e0a,
        type: 3}
      propertyPath: m_RootOrder
      value: 3
      objectReference: {fileID: 0}
    - target: {fileID: 927384323073419144, guid: b877027f78d315346b7f032f173e6e0a,
        type: 3}
      propertyPath: m_LocalEulerAnglesHint.x
      value: 0
      objectReference: {fileID: 0}
    - target: {fileID: 927384323073419144, guid: b877027f78d315346b7f032f173e6e0a,
        type: 3}
      propertyPath: m_LocalEulerAnglesHint.y
      value: 90
      objectReference: {fileID: 0}
    - target: {fileID: 927384323073419144, guid: b877027f78d315346b7f032f173e6e0a,
        type: 3}
      propertyPath: m_LocalEulerAnglesHint.z
      value: 0
      objectReference: {fileID: 0}
    - target: {fileID: 6332677483658223557, guid: b877027f78d315346b7f032f173e6e0a,
        type: 3}
      propertyPath: m_Mesh
      value: 
      objectReference: {fileID: 0}
    - target: {fileID: 6332677483658223576, guid: b877027f78d315346b7f032f173e6e0a,
        type: 3}
      propertyPath: m_Mesh
      value: 
      objectReference: {fileID: 0}
    - target: {fileID: 6332677483658223578, guid: b877027f78d315346b7f032f173e6e0a,
        type: 3}
      propertyPath: m_Materials.Array.data[0]
      value: 
      objectReference: {fileID: 2100000, guid: 0bf93fe055180334d98f6be6a553a278, type: 2}
    - target: {fileID: 6332677485104691756, guid: b877027f78d315346b7f032f173e6e0a,
        type: 3}
      propertyPath: m_Mesh
      value: 
      objectReference: {fileID: 0}
    - target: {fileID: 6332677485104691758, guid: b877027f78d315346b7f032f173e6e0a,
        type: 3}
      propertyPath: m_Materials.Array.data[0]
      value: 
      objectReference: {fileID: 2100000, guid: 0bf93fe055180334d98f6be6a553a278, type: 2}
    - target: {fileID: 6332677485104691753, guid: b877027f78d315346b7f032f173e6e0a,
        type: 3}
      propertyPath: m_Mesh
      value: 
      objectReference: {fileID: 0}
    m_RemovedComponents: []
  m_SourcePrefab: {fileID: 100100000, guid: b877027f78d315346b7f032f173e6e0a, type: 3}
--- !u!4 &1029335093365842412 stripped
Transform:
  m_CorrespondingSourceObject: {fileID: 927384323073419144, guid: b877027f78d315346b7f032f173e6e0a,
    type: 3}
  m_PrefabInstance: {fileID: 186430926176421476}
  m_PrefabAsset: {fileID: 0}
--- !u!1001 &186430927097127209
PrefabInstance:
  m_ObjectHideFlags: 0
  serializedVersion: 2
  m_Modification:
    m_TransformParent: {fileID: 1942556775593294292}
    m_Modifications:
    - target: {fileID: 1230313603580933416, guid: b877027f78d315346b7f032f173e6e0a,
        type: 3}
      propertyPath: m_Name
      value: RoomCorner (1)
      objectReference: {fileID: 0}
    - target: {fileID: 927384323073419144, guid: b877027f78d315346b7f032f173e6e0a,
        type: 3}
      propertyPath: m_LocalPosition.x
      value: -5
      objectReference: {fileID: 0}
    - target: {fileID: 927384323073419144, guid: b877027f78d315346b7f032f173e6e0a,
        type: 3}
      propertyPath: m_LocalPosition.y
      value: 0
      objectReference: {fileID: 0}
    - target: {fileID: 927384323073419144, guid: b877027f78d315346b7f032f173e6e0a,
        type: 3}
      propertyPath: m_LocalPosition.z
      value: -5
      objectReference: {fileID: 0}
    - target: {fileID: 927384323073419144, guid: b877027f78d315346b7f032f173e6e0a,
        type: 3}
      propertyPath: m_LocalRotation.x
      value: -0
      objectReference: {fileID: 0}
    - target: {fileID: 927384323073419144, guid: b877027f78d315346b7f032f173e6e0a,
        type: 3}
      propertyPath: m_LocalRotation.y
      value: -0.7071068
      objectReference: {fileID: 0}
    - target: {fileID: 927384323073419144, guid: b877027f78d315346b7f032f173e6e0a,
        type: 3}
      propertyPath: m_LocalRotation.z
      value: -0
      objectReference: {fileID: 0}
    - target: {fileID: 927384323073419144, guid: b877027f78d315346b7f032f173e6e0a,
        type: 3}
      propertyPath: m_LocalRotation.w
      value: 0.7071068
      objectReference: {fileID: 0}
    - target: {fileID: 927384323073419144, guid: b877027f78d315346b7f032f173e6e0a,
        type: 3}
      propertyPath: m_RootOrder
      value: 2
      objectReference: {fileID: 0}
    - target: {fileID: 927384323073419144, guid: b877027f78d315346b7f032f173e6e0a,
        type: 3}
      propertyPath: m_LocalEulerAnglesHint.x
      value: 0
      objectReference: {fileID: 0}
    - target: {fileID: 927384323073419144, guid: b877027f78d315346b7f032f173e6e0a,
        type: 3}
      propertyPath: m_LocalEulerAnglesHint.y
      value: -90
      objectReference: {fileID: 0}
    - target: {fileID: 927384323073419144, guid: b877027f78d315346b7f032f173e6e0a,
        type: 3}
      propertyPath: m_LocalEulerAnglesHint.z
      value: 0
      objectReference: {fileID: 0}
    - target: {fileID: 6332677483658223557, guid: b877027f78d315346b7f032f173e6e0a,
        type: 3}
      propertyPath: m_Mesh
      value: 
      objectReference: {fileID: 0}
    - target: {fileID: 6332677483658223576, guid: b877027f78d315346b7f032f173e6e0a,
        type: 3}
      propertyPath: m_Mesh
      value: 
      objectReference: {fileID: 0}
    - target: {fileID: 6332677483658223578, guid: b877027f78d315346b7f032f173e6e0a,
        type: 3}
      propertyPath: m_Materials.Array.data[0]
      value: 
      objectReference: {fileID: 2100000, guid: 0bf93fe055180334d98f6be6a553a278, type: 2}
    - target: {fileID: 6332677485104691756, guid: b877027f78d315346b7f032f173e6e0a,
        type: 3}
      propertyPath: m_Mesh
      value: 
      objectReference: {fileID: 0}
    - target: {fileID: 6332677485104691758, guid: b877027f78d315346b7f032f173e6e0a,
        type: 3}
      propertyPath: m_Materials.Array.data[0]
      value: 
      objectReference: {fileID: 2100000, guid: 0bf93fe055180334d98f6be6a553a278, type: 2}
    - target: {fileID: 6332677485104691753, guid: b877027f78d315346b7f032f173e6e0a,
        type: 3}
      propertyPath: m_Mesh
      value: 
      objectReference: {fileID: 0}
    m_RemovedComponents: []
  m_SourcePrefab: {fileID: 100100000, guid: b877027f78d315346b7f032f173e6e0a, type: 3}
--- !u!4 &1029335092441106081 stripped
Transform:
  m_CorrespondingSourceObject: {fileID: 927384323073419144, guid: b877027f78d315346b7f032f173e6e0a,
    type: 3}
  m_PrefabInstance: {fileID: 186430927097127209}
  m_PrefabAsset: {fileID: 0}
--- !u!1001 &186430927642774379
PrefabInstance:
  m_ObjectHideFlags: 0
  serializedVersion: 2
  m_Modification:
    m_TransformParent: {fileID: 1942556775593294292}
    m_Modifications:
    - target: {fileID: 1230313603580933416, guid: b877027f78d315346b7f032f173e6e0a,
        type: 3}
      propertyPath: m_Name
      value: RoomCorner (3)
      objectReference: {fileID: 0}
    - target: {fileID: 927384323073419144, guid: b877027f78d315346b7f032f173e6e0a,
        type: 3}
      propertyPath: m_LocalPosition.x
      value: 5
      objectReference: {fileID: 0}
    - target: {fileID: 927384323073419144, guid: b877027f78d315346b7f032f173e6e0a,
        type: 3}
      propertyPath: m_LocalPosition.y
      value: 0
      objectReference: {fileID: 0}
    - target: {fileID: 927384323073419144, guid: b877027f78d315346b7f032f173e6e0a,
        type: 3}
      propertyPath: m_LocalPosition.z
      value: -5
      objectReference: {fileID: 0}
    - target: {fileID: 927384323073419144, guid: b877027f78d315346b7f032f173e6e0a,
        type: 3}
      propertyPath: m_LocalRotation.x
      value: -0
      objectReference: {fileID: 0}
    - target: {fileID: 927384323073419144, guid: b877027f78d315346b7f032f173e6e0a,
        type: 3}
      propertyPath: m_LocalRotation.y
      value: 1
      objectReference: {fileID: 0}
    - target: {fileID: 927384323073419144, guid: b877027f78d315346b7f032f173e6e0a,
        type: 3}
      propertyPath: m_LocalRotation.z
      value: -0
      objectReference: {fileID: 0}
    - target: {fileID: 927384323073419144, guid: b877027f78d315346b7f032f173e6e0a,
        type: 3}
      propertyPath: m_LocalRotation.w
      value: 0
      objectReference: {fileID: 0}
    - target: {fileID: 927384323073419144, guid: b877027f78d315346b7f032f173e6e0a,
        type: 3}
      propertyPath: m_RootOrder
      value: 4
      objectReference: {fileID: 0}
    - target: {fileID: 927384323073419144, guid: b877027f78d315346b7f032f173e6e0a,
        type: 3}
      propertyPath: m_LocalEulerAnglesHint.x
      value: 0
      objectReference: {fileID: 0}
    - target: {fileID: 927384323073419144, guid: b877027f78d315346b7f032f173e6e0a,
        type: 3}
      propertyPath: m_LocalEulerAnglesHint.y
      value: 180
      objectReference: {fileID: 0}
    - target: {fileID: 927384323073419144, guid: b877027f78d315346b7f032f173e6e0a,
        type: 3}
      propertyPath: m_LocalEulerAnglesHint.z
      value: 0
      objectReference: {fileID: 0}
    - target: {fileID: 6332677483658223557, guid: b877027f78d315346b7f032f173e6e0a,
        type: 3}
      propertyPath: m_Mesh
      value: 
      objectReference: {fileID: 0}
    - target: {fileID: 6332677483658223576, guid: b877027f78d315346b7f032f173e6e0a,
        type: 3}
      propertyPath: m_Mesh
      value: 
      objectReference: {fileID: 0}
    - target: {fileID: 6332677483658223578, guid: b877027f78d315346b7f032f173e6e0a,
        type: 3}
      propertyPath: m_Materials.Array.data[0]
      value: 
      objectReference: {fileID: 2100000, guid: 0bf93fe055180334d98f6be6a553a278, type: 2}
    - target: {fileID: 6332677485104691756, guid: b877027f78d315346b7f032f173e6e0a,
        type: 3}
      propertyPath: m_Mesh
      value: 
      objectReference: {fileID: 0}
    - target: {fileID: 6332677485104691758, guid: b877027f78d315346b7f032f173e6e0a,
        type: 3}
      propertyPath: m_Materials.Array.data[0]
      value: 
      objectReference: {fileID: 2100000, guid: 0bf93fe055180334d98f6be6a553a278, type: 2}
    - target: {fileID: 6332677485104691753, guid: b877027f78d315346b7f032f173e6e0a,
        type: 3}
      propertyPath: m_Mesh
      value: 
      objectReference: {fileID: 0}
    m_RemovedComponents: []
  m_SourcePrefab: {fileID: 100100000, guid: b877027f78d315346b7f032f173e6e0a, type: 3}
--- !u!4 &1029335092952427747 stripped
Transform:
  m_CorrespondingSourceObject: {fileID: 927384323073419144, guid: b877027f78d315346b7f032f173e6e0a,
    type: 3}
  m_PrefabInstance: {fileID: 186430927642774379}
  m_PrefabAsset: {fileID: 0}
--- !u!1001 &405238944552150361
PrefabInstance:
  m_ObjectHideFlags: 0
  serializedVersion: 2
  m_Modification:
    m_TransformParent: {fileID: 1942556775593294292}
    m_Modifications:
    - target: {fileID: 507190818677499476, guid: 750657661313dba4ba1a2b6a7b43bb4e,
        type: 3}
      propertyPath: m_Name
      value: Floor
      objectReference: {fileID: 0}
    - target: {fileID: 507190818677499475, guid: 750657661313dba4ba1a2b6a7b43bb4e,
        type: 3}
      propertyPath: m_LocalPosition.x
      value: -5
      objectReference: {fileID: 0}
    - target: {fileID: 507190818677499475, guid: 750657661313dba4ba1a2b6a7b43bb4e,
        type: 3}
      propertyPath: m_LocalPosition.y
      value: 0
      objectReference: {fileID: 0}
    - target: {fileID: 507190818677499475, guid: 750657661313dba4ba1a2b6a7b43bb4e,
        type: 3}
      propertyPath: m_LocalPosition.z
      value: 5
      objectReference: {fileID: 0}
    - target: {fileID: 507190818677499475, guid: 750657661313dba4ba1a2b6a7b43bb4e,
        type: 3}
      propertyPath: m_LocalRotation.x
      value: -0
      objectReference: {fileID: 0}
    - target: {fileID: 507190818677499475, guid: 750657661313dba4ba1a2b6a7b43bb4e,
        type: 3}
      propertyPath: m_LocalRotation.y
      value: -0
      objectReference: {fileID: 0}
    - target: {fileID: 507190818677499475, guid: 750657661313dba4ba1a2b6a7b43bb4e,
        type: 3}
      propertyPath: m_LocalRotation.z
      value: -0
      objectReference: {fileID: 0}
    - target: {fileID: 507190818677499475, guid: 750657661313dba4ba1a2b6a7b43bb4e,
        type: 3}
      propertyPath: m_LocalRotation.w
      value: 1
      objectReference: {fileID: 0}
    - target: {fileID: 507190818677499475, guid: 750657661313dba4ba1a2b6a7b43bb4e,
        type: 3}
      propertyPath: m_RootOrder
      value: 0
      objectReference: {fileID: 0}
    - target: {fileID: 507190818677499475, guid: 750657661313dba4ba1a2b6a7b43bb4e,
        type: 3}
      propertyPath: m_LocalEulerAnglesHint.x
      value: 0
      objectReference: {fileID: 0}
    - target: {fileID: 507190818677499475, guid: 750657661313dba4ba1a2b6a7b43bb4e,
        type: 3}
      propertyPath: m_LocalEulerAnglesHint.y
      value: 0
      objectReference: {fileID: 0}
    - target: {fileID: 507190818677499475, guid: 750657661313dba4ba1a2b6a7b43bb4e,
        type: 3}
      propertyPath: m_LocalEulerAnglesHint.z
      value: 0
      objectReference: {fileID: 0}
    - target: {fileID: 507190818677499473, guid: 750657661313dba4ba1a2b6a7b43bb4e,
        type: 3}
      propertyPath: m_Materials.Array.data[0]
      value: 
      objectReference: {fileID: 2100000, guid: 0bf93fe055180334d98f6be6a553a278, type: 2}
    - target: {fileID: 507190818677499472, guid: 750657661313dba4ba1a2b6a7b43bb4e,
        type: 3}
      propertyPath: m_Mesh
      value: 
      objectReference: {fileID: 0}
    - target: {fileID: 507190818677499479, guid: 750657661313dba4ba1a2b6a7b43bb4e,
        type: 3}
      propertyPath: m_Mesh
      value: 
      objectReference: {fileID: 0}
    m_RemovedComponents: []
  m_SourcePrefab: {fileID: 100100000, guid: 750657661313dba4ba1a2b6a7b43bb4e, type: 3}
--- !u!1 &186430926273889037 stripped
GameObject:
  m_CorrespondingSourceObject: {fileID: 507190818677499476, guid: 750657661313dba4ba1a2b6a7b43bb4e,
    type: 3}
  m_PrefabInstance: {fileID: 405238944552150361}
  m_PrefabAsset: {fileID: 0}
--- !u!4 &186430926273889034 stripped
Transform:
  m_CorrespondingSourceObject: {fileID: 507190818677499475, guid: 750657661313dba4ba1a2b6a7b43bb4e,
    type: 3}
  m_PrefabInstance: {fileID: 405238944552150361}
  m_PrefabAsset: {fileID: 0}
--- !u!1001 &1862068220470728466
PrefabInstance:
  m_ObjectHideFlags: 0
  serializedVersion: 2
  m_Modification:
    m_TransformParent: {fileID: 1069170022672013486}
    m_Modifications:
    - target: {fileID: 1029849931350994725, guid: cbe539261fb5e2e4f909bfa9c7fc5049,
        type: 3}
      propertyPath: m_Name
      value: Minimap Icon
      objectReference: {fileID: 0}
    - target: {fileID: 1029849931350994724, guid: cbe539261fb5e2e4f909bfa9c7fc5049,
        type: 3}
      propertyPath: m_LocalPosition.x
      value: 0
      objectReference: {fileID: 0}
    - target: {fileID: 1029849931350994724, guid: cbe539261fb5e2e4f909bfa9c7fc5049,
        type: 3}
      propertyPath: m_LocalPosition.y
      value: -1
      objectReference: {fileID: 0}
    - target: {fileID: 1029849931350994724, guid: cbe539261fb5e2e4f909bfa9c7fc5049,
        type: 3}
      propertyPath: m_LocalPosition.z
      value: 0
      objectReference: {fileID: 0}
    - target: {fileID: 1029849931350994724, guid: cbe539261fb5e2e4f909bfa9c7fc5049,
        type: 3}
      propertyPath: m_LocalRotation.x
      value: 0.7071068
      objectReference: {fileID: 0}
    - target: {fileID: 1029849931350994724, guid: cbe539261fb5e2e4f909bfa9c7fc5049,
        type: 3}
      propertyPath: m_LocalRotation.y
      value: 0
      objectReference: {fileID: 0}
    - target: {fileID: 1029849931350994724, guid: cbe539261fb5e2e4f909bfa9c7fc5049,
        type: 3}
      propertyPath: m_LocalRotation.z
      value: 0
      objectReference: {fileID: 0}
    - target: {fileID: 1029849931350994724, guid: cbe539261fb5e2e4f909bfa9c7fc5049,
        type: 3}
      propertyPath: m_LocalRotation.w
      value: 0.7071068
      objectReference: {fileID: 0}
    - target: {fileID: 1029849931350994724, guid: cbe539261fb5e2e4f909bfa9c7fc5049,
        type: 3}
      propertyPath: m_RootOrder
      value: 0
      objectReference: {fileID: 0}
    - target: {fileID: 1029849931350994724, guid: cbe539261fb5e2e4f909bfa9c7fc5049,
        type: 3}
      propertyPath: m_LocalEulerAnglesHint.x
      value: 90
      objectReference: {fileID: 0}
    - target: {fileID: 1029849931350994724, guid: cbe539261fb5e2e4f909bfa9c7fc5049,
        type: 3}
      propertyPath: m_LocalEulerAnglesHint.y
      value: 0
      objectReference: {fileID: 0}
    - target: {fileID: 1029849931350994724, guid: cbe539261fb5e2e4f909bfa9c7fc5049,
        type: 3}
      propertyPath: m_LocalEulerAnglesHint.z
      value: 0
      objectReference: {fileID: 0}
    - target: {fileID: 1029849931350994727, guid: cbe539261fb5e2e4f909bfa9c7fc5049,
        type: 3}
      propertyPath: m_Color.r
      value: 0
      objectReference: {fileID: 0}
    - target: {fileID: 1029849931350994727, guid: cbe539261fb5e2e4f909bfa9c7fc5049,
        type: 3}
      propertyPath: m_Color.g
      value: 1
      objectReference: {fileID: 0}
    - target: {fileID: 1029849931350994727, guid: cbe539261fb5e2e4f909bfa9c7fc5049,
        type: 3}
      propertyPath: m_Color.b
      value: 0.041554213
      objectReference: {fileID: 0}
    m_RemovedComponents: []
  m_SourcePrefab: {fileID: 100100000, guid: cbe539261fb5e2e4f909bfa9c7fc5049, type: 3}
--- !u!4 &1701698891366365238 stripped
Transform:
  m_CorrespondingSourceObject: {fileID: 1029849931350994724, guid: cbe539261fb5e2e4f909bfa9c7fc5049,
    type: 3}
  m_PrefabInstance: {fileID: 1862068220470728466}
  m_PrefabAsset: {fileID: 0}
--- !u!1001 &6157658114092400097
PrefabInstance:
  m_ObjectHideFlags: 0
  serializedVersion: 2
  m_Modification:
    m_TransformParent: {fileID: 1942556775593294292}
    m_Modifications:
    - target: {fileID: 1230313603580933416, guid: b877027f78d315346b7f032f173e6e0a,
        type: 3}
      propertyPath: m_Name
      value: RoomCorner
      objectReference: {fileID: 0}
    - target: {fileID: 927384323073419144, guid: b877027f78d315346b7f032f173e6e0a,
        type: 3}
      propertyPath: m_LocalPosition.x
      value: -5
      objectReference: {fileID: 0}
    - target: {fileID: 927384323073419144, guid: b877027f78d315346b7f032f173e6e0a,
        type: 3}
      propertyPath: m_LocalPosition.y
      value: 0
      objectReference: {fileID: 0}
    - target: {fileID: 927384323073419144, guid: b877027f78d315346b7f032f173e6e0a,
        type: 3}
      propertyPath: m_LocalPosition.z
      value: 5
      objectReference: {fileID: 0}
    - target: {fileID: 927384323073419144, guid: b877027f78d315346b7f032f173e6e0a,
        type: 3}
      propertyPath: m_LocalRotation.x
      value: -0
      objectReference: {fileID: 0}
    - target: {fileID: 927384323073419144, guid: b877027f78d315346b7f032f173e6e0a,
        type: 3}
      propertyPath: m_LocalRotation.y
      value: -0
      objectReference: {fileID: 0}
    - target: {fileID: 927384323073419144, guid: b877027f78d315346b7f032f173e6e0a,
        type: 3}
      propertyPath: m_LocalRotation.z
      value: -0
      objectReference: {fileID: 0}
    - target: {fileID: 927384323073419144, guid: b877027f78d315346b7f032f173e6e0a,
        type: 3}
      propertyPath: m_LocalRotation.w
      value: 1
      objectReference: {fileID: 0}
    - target: {fileID: 927384323073419144, guid: b877027f78d315346b7f032f173e6e0a,
        type: 3}
      propertyPath: m_RootOrder
      value: 1
      objectReference: {fileID: 0}
    - target: {fileID: 927384323073419144, guid: b877027f78d315346b7f032f173e6e0a,
        type: 3}
      propertyPath: m_LocalEulerAnglesHint.x
      value: 0
      objectReference: {fileID: 0}
    - target: {fileID: 927384323073419144, guid: b877027f78d315346b7f032f173e6e0a,
        type: 3}
      propertyPath: m_LocalEulerAnglesHint.y
      value: 0
      objectReference: {fileID: 0}
    - target: {fileID: 927384323073419144, guid: b877027f78d315346b7f032f173e6e0a,
        type: 3}
      propertyPath: m_LocalEulerAnglesHint.z
      value: 0
      objectReference: {fileID: 0}
    - target: {fileID: 6332677483658223557, guid: b877027f78d315346b7f032f173e6e0a,
        type: 3}
      propertyPath: m_Mesh
      value: 
      objectReference: {fileID: 0}
    - target: {fileID: 6332677483658223576, guid: b877027f78d315346b7f032f173e6e0a,
        type: 3}
      propertyPath: m_Mesh
      value: 
      objectReference: {fileID: 0}
    - target: {fileID: 6332677483658223578, guid: b877027f78d315346b7f032f173e6e0a,
        type: 3}
      propertyPath: m_Materials.Array.data[0]
      value: 
      objectReference: {fileID: 2100000, guid: 0bf93fe055180334d98f6be6a553a278, type: 2}
    - target: {fileID: 6332677485104691756, guid: b877027f78d315346b7f032f173e6e0a,
        type: 3}
      propertyPath: m_Mesh
      value: 
      objectReference: {fileID: 0}
    - target: {fileID: 6332677485104691758, guid: b877027f78d315346b7f032f173e6e0a,
        type: 3}
      propertyPath: m_Materials.Array.data[0]
      value: 
      objectReference: {fileID: 2100000, guid: 0bf93fe055180334d98f6be6a553a278, type: 2}
    - target: {fileID: 6332677485104691753, guid: b877027f78d315346b7f032f173e6e0a,
        type: 3}
      propertyPath: m_Mesh
      value: 
      objectReference: {fileID: 0}
    m_RemovedComponents: []
  m_SourcePrefab: {fileID: 100100000, guid: b877027f78d315346b7f032f173e6e0a, type: 3}
--- !u!4 &6461221045256444521 stripped
Transform:
  m_CorrespondingSourceObject: {fileID: 927384323073419144, guid: b877027f78d315346b7f032f173e6e0a,
    type: 3}
  m_PrefabInstance: {fileID: 6157658114092400097}
  m_PrefabAsset: {fileID: 0}
--- !u!1001 &6218791839535080813
PrefabInstance:
  m_ObjectHideFlags: 0
  serializedVersion: 2
  m_Modification:
    m_TransformParent: {fileID: 1069170022672013486}
    m_Modifications:
    - target: {fileID: 6859256628351133468, guid: d81990adb5ecb884c9d306691b596175,
        type: 3}
      propertyPath: m_Name
      value: ItemSpawnPoints
      objectReference: {fileID: 0}
    - target: {fileID: 2440938587264447734, guid: d81990adb5ecb884c9d306691b596175,
        type: 3}
      propertyPath: m_LocalPosition.x
      value: 0
      objectReference: {fileID: 0}
    - target: {fileID: 2440938587264447734, guid: d81990adb5ecb884c9d306691b596175,
        type: 3}
      propertyPath: m_LocalPosition.y
      value: 0
      objectReference: {fileID: 0}
    - target: {fileID: 2440938587264447734, guid: d81990adb5ecb884c9d306691b596175,
        type: 3}
      propertyPath: m_LocalPosition.z
      value: 0
      objectReference: {fileID: 0}
    - target: {fileID: 2440938587264447734, guid: d81990adb5ecb884c9d306691b596175,
        type: 3}
      propertyPath: m_LocalRotation.x
      value: 0
      objectReference: {fileID: 0}
    - target: {fileID: 2440938587264447734, guid: d81990adb5ecb884c9d306691b596175,
        type: 3}
      propertyPath: m_LocalRotation.y
      value: 0
      objectReference: {fileID: 0}
    - target: {fileID: 2440938587264447734, guid: d81990adb5ecb884c9d306691b596175,
        type: 3}
      propertyPath: m_LocalRotation.z
      value: 0
      objectReference: {fileID: 0}
    - target: {fileID: 2440938587264447734, guid: d81990adb5ecb884c9d306691b596175,
        type: 3}
      propertyPath: m_LocalRotation.w
      value: 1
      objectReference: {fileID: 0}
    - target: {fileID: 2440938587264447734, guid: d81990adb5ecb884c9d306691b596175,
        type: 3}
      propertyPath: m_RootOrder
      value: 3
      objectReference: {fileID: 0}
    - target: {fileID: 2440938587264447734, guid: d81990adb5ecb884c9d306691b596175,
        type: 3}
      propertyPath: m_LocalEulerAnglesHint.x
      value: 0
      objectReference: {fileID: 0}
    - target: {fileID: 2440938587264447734, guid: d81990adb5ecb884c9d306691b596175,
        type: 3}
      propertyPath: m_LocalEulerAnglesHint.y
      value: 0
      objectReference: {fileID: 0}
    - target: {fileID: 2440938587264447734, guid: d81990adb5ecb884c9d306691b596175,
        type: 3}
      propertyPath: m_LocalEulerAnglesHint.z
      value: 0
      objectReference: {fileID: 0}
    m_RemovedComponents: []
  m_SourcePrefab: {fileID: 100100000, guid: d81990adb5ecb884c9d306691b596175, type: 3}
--- !u!4 &8616057394237460891 stripped
Transform:
  m_CorrespondingSourceObject: {fileID: 2440938587264447734, guid: d81990adb5ecb884c9d306691b596175,
    type: 3}
  m_PrefabInstance: {fileID: 6218791839535080813}
  m_PrefabAsset: {fileID: 0}
--- !u!1001 &6913290817891419567
PrefabInstance:
  m_ObjectHideFlags: 0
  serializedVersion: 2
  m_Modification:
    m_TransformParent: {fileID: 1069170022672013486}
    m_Modifications:
    - target: {fileID: 2440938587264447734, guid: 1aa2214fa3acc174d914bc0c1ed4b092,
        type: 3}
      propertyPath: m_LocalPosition.x
      value: 0
      objectReference: {fileID: 0}
    - target: {fileID: 2440938587264447734, guid: 1aa2214fa3acc174d914bc0c1ed4b092,
        type: 3}
      propertyPath: m_LocalPosition.y
      value: 0
      objectReference: {fileID: 0}
    - target: {fileID: 2440938587264447734, guid: 1aa2214fa3acc174d914bc0c1ed4b092,
        type: 3}
      propertyPath: m_LocalPosition.z
      value: 0
      objectReference: {fileID: 0}
    - target: {fileID: 2440938587264447734, guid: 1aa2214fa3acc174d914bc0c1ed4b092,
        type: 3}
      propertyPath: m_LocalRotation.x
      value: 0
      objectReference: {fileID: 0}
    - target: {fileID: 2440938587264447734, guid: 1aa2214fa3acc174d914bc0c1ed4b092,
        type: 3}
      propertyPath: m_LocalRotation.y
      value: 0
      objectReference: {fileID: 0}
    - target: {fileID: 2440938587264447734, guid: 1aa2214fa3acc174d914bc0c1ed4b092,
        type: 3}
      propertyPath: m_LocalRotation.z
      value: 0
      objectReference: {fileID: 0}
    - target: {fileID: 2440938587264447734, guid: 1aa2214fa3acc174d914bc0c1ed4b092,
        type: 3}
      propertyPath: m_LocalRotation.w
      value: 1
      objectReference: {fileID: 0}
    - target: {fileID: 2440938587264447734, guid: 1aa2214fa3acc174d914bc0c1ed4b092,
        type: 3}
      propertyPath: m_RootOrder
      value: 2
      objectReference: {fileID: 0}
    - target: {fileID: 2440938587264447734, guid: 1aa2214fa3acc174d914bc0c1ed4b092,
        type: 3}
      propertyPath: m_LocalEulerAnglesHint.x
      value: 0
      objectReference: {fileID: 0}
    - target: {fileID: 2440938587264447734, guid: 1aa2214fa3acc174d914bc0c1ed4b092,
        type: 3}
      propertyPath: m_LocalEulerAnglesHint.y
      value: 0
      objectReference: {fileID: 0}
    - target: {fileID: 2440938587264447734, guid: 1aa2214fa3acc174d914bc0c1ed4b092,
        type: 3}
      propertyPath: m_LocalEulerAnglesHint.z
      value: 0
      objectReference: {fileID: 0}
    - target: {fileID: 6859256628351133468, guid: 1aa2214fa3acc174d914bc0c1ed4b092,
        type: 3}
      propertyPath: m_Name
      value: EnemySpawnPoints
      objectReference: {fileID: 0}
    - target: {fileID: 4717411754299299683, guid: 1aa2214fa3acc174d914bc0c1ed4b092,
        type: 3}
      propertyPath: m_LocalPosition.z
      value: 2
      objectReference: {fileID: 0}
    - target: {fileID: 4717411754299299683, guid: 1aa2214fa3acc174d914bc0c1ed4b092,
        type: 3}
      propertyPath: m_LocalPosition.x
      value: 3
      objectReference: {fileID: 0}
    - target: {fileID: 5014749760487491464, guid: 1aa2214fa3acc174d914bc0c1ed4b092,
        type: 3}
      propertyPath: m_LocalPosition.x
      value: 3
      objectReference: {fileID: 0}
    - target: {fileID: 5014749760487491464, guid: 1aa2214fa3acc174d914bc0c1ed4b092,
        type: 3}
      propertyPath: m_LocalPosition.z
      value: -2
      objectReference: {fileID: 0}
    - target: {fileID: 8162001699301192106, guid: 1aa2214fa3acc174d914bc0c1ed4b092,
        type: 3}
      propertyPath: m_LocalPosition.x
      value: -3
      objectReference: {fileID: 0}
    - target: {fileID: 8162001699301192106, guid: 1aa2214fa3acc174d914bc0c1ed4b092,
        type: 3}
      propertyPath: m_LocalPosition.z
      value: -2
      objectReference: {fileID: 0}
    - target: {fileID: 8374164559870319425, guid: 1aa2214fa3acc174d914bc0c1ed4b092,
        type: 3}
      propertyPath: m_LocalPosition.x
      value: -3
      objectReference: {fileID: 0}
    - target: {fileID: 8374164559870319425, guid: 1aa2214fa3acc174d914bc0c1ed4b092,
        type: 3}
      propertyPath: m_LocalPosition.z
      value: 2
      objectReference: {fileID: 0}
    m_RemovedComponents: []
  m_SourcePrefab: {fileID: 100100000, guid: 1aa2214fa3acc174d914bc0c1ed4b092, type: 3}
--- !u!4 &9092492668840423769 stripped
Transform:
  m_CorrespondingSourceObject: {fileID: 2440938587264447734, guid: 1aa2214fa3acc174d914bc0c1ed4b092,
    type: 3}
  m_PrefabInstance: {fileID: 6913290817891419567}
  m_PrefabAsset: {fileID: 0}
--- !u!1001 &6926381218515758086
PrefabInstance:
  m_ObjectHideFlags: 0
  serializedVersion: 2
  m_Modification:
    m_TransformParent: {fileID: 1069170022672013486}
    m_Modifications:
    - target: {fileID: 8192336985728239243, guid: 5f8ef0a6b3b25374b9192bdf7651ceeb,
        type: 3}
      propertyPath: m_Name
      value: SimpleLighting
      objectReference: {fileID: 0}
    - target: {fileID: 7011767886975890464, guid: 5f8ef0a6b3b25374b9192bdf7651ceeb,
        type: 3}
      propertyPath: m_LocalPosition.x
      value: 0
      objectReference: {fileID: 0}
    - target: {fileID: 7011767886975890464, guid: 5f8ef0a6b3b25374b9192bdf7651ceeb,
        type: 3}
      propertyPath: m_LocalPosition.y
      value: 0
      objectReference: {fileID: 0}
    - target: {fileID: 7011767886975890464, guid: 5f8ef0a6b3b25374b9192bdf7651ceeb,
        type: 3}
      propertyPath: m_LocalPosition.z
      value: 0
      objectReference: {fileID: 0}
    - target: {fileID: 7011767886975890464, guid: 5f8ef0a6b3b25374b9192bdf7651ceeb,
        type: 3}
      propertyPath: m_LocalRotation.x
      value: -0
      objectReference: {fileID: 0}
    - target: {fileID: 7011767886975890464, guid: 5f8ef0a6b3b25374b9192bdf7651ceeb,
        type: 3}
      propertyPath: m_LocalRotation.y
      value: -0
      objectReference: {fileID: 0}
    - target: {fileID: 7011767886975890464, guid: 5f8ef0a6b3b25374b9192bdf7651ceeb,
        type: 3}
      propertyPath: m_LocalRotation.z
      value: -0
      objectReference: {fileID: 0}
    - target: {fileID: 7011767886975890464, guid: 5f8ef0a6b3b25374b9192bdf7651ceeb,
        type: 3}
      propertyPath: m_LocalRotation.w
      value: 1
      objectReference: {fileID: 0}
    - target: {fileID: 7011767886975890464, guid: 5f8ef0a6b3b25374b9192bdf7651ceeb,
        type: 3}
      propertyPath: m_RootOrder
      value: 1
      objectReference: {fileID: 0}
    - target: {fileID: 7011767886975890464, guid: 5f8ef0a6b3b25374b9192bdf7651ceeb,
        type: 3}
      propertyPath: m_LocalEulerAnglesHint.x
      value: 0
      objectReference: {fileID: 0}
    - target: {fileID: 7011767886975890464, guid: 5f8ef0a6b3b25374b9192bdf7651ceeb,
        type: 3}
      propertyPath: m_LocalEulerAnglesHint.y
      value: 0
      objectReference: {fileID: 0}
    - target: {fileID: 7011767886975890464, guid: 5f8ef0a6b3b25374b9192bdf7651ceeb,
        type: 3}
      propertyPath: m_LocalEulerAnglesHint.z
      value: 0
      objectReference: {fileID: 0}
    m_RemovedComponents: []
  m_SourcePrefab: {fileID: 100100000, guid: 5f8ef0a6b3b25374b9192bdf7651ceeb, type: 3}
--- !u!4 &95066777689643046 stripped
Transform:
  m_CorrespondingSourceObject: {fileID: 7011767886975890464, guid: 5f8ef0a6b3b25374b9192bdf7651ceeb,
    type: 3}
  m_PrefabInstance: {fileID: 6926381218515758086}
  m_PrefabAsset: {fileID: 0}
--- !u!1001 &7666949072902849430
PrefabInstance:
  m_ObjectHideFlags: 0
  serializedVersion: 2
  m_Modification:
    m_TransformParent: {fileID: 1942556775593294292}
    m_Modifications:
    - target: {fileID: 4657991763592407449, guid: b670d36604c18354cb5e0deb2c9b7a31,
        type: 3}
      propertyPath: m_LocalPosition.x
      value: 3.5000002
      objectReference: {fileID: 0}
    - target: {fileID: 4657991763592407449, guid: b670d36604c18354cb5e0deb2c9b7a31,
        type: 3}
      propertyPath: m_LocalPosition.y
      value: 1
      objectReference: {fileID: 0}
    - target: {fileID: 4657991763592407449, guid: b670d36604c18354cb5e0deb2c9b7a31,
        type: 3}
      propertyPath: m_LocalPosition.z
      value: -1
      objectReference: {fileID: 0}
    - target: {fileID: 4657991763592407449, guid: b670d36604c18354cb5e0deb2c9b7a31,
        type: 3}
      propertyPath: m_LocalRotation.x
      value: -0.7071068
      objectReference: {fileID: 0}
    - target: {fileID: 4657991763592407449, guid: b670d36604c18354cb5e0deb2c9b7a31,
        type: 3}
      propertyPath: m_LocalRotation.y
      value: -0
      objectReference: {fileID: 0}
    - target: {fileID: 4657991763592407449, guid: b670d36604c18354cb5e0deb2c9b7a31,
        type: 3}
      propertyPath: m_LocalRotation.z
      value: -0
      objectReference: {fileID: 0}
    - target: {fileID: 4657991763592407449, guid: b670d36604c18354cb5e0deb2c9b7a31,
        type: 3}
      propertyPath: m_LocalRotation.w
      value: 0.7071068
      objectReference: {fileID: 0}
    - target: {fileID: 4657991763592407449, guid: b670d36604c18354cb5e0deb2c9b7a31,
        type: 3}
      propertyPath: m_RootOrder
      value: 7
      objectReference: {fileID: 0}
    - target: {fileID: 4657991763592407449, guid: b670d36604c18354cb5e0deb2c9b7a31,
        type: 3}
      propertyPath: m_LocalEulerAnglesHint.x
      value: -90
      objectReference: {fileID: 0}
    - target: {fileID: 4657991763592407449, guid: b670d36604c18354cb5e0deb2c9b7a31,
        type: 3}
      propertyPath: m_LocalEulerAnglesHint.y
      value: 0
      objectReference: {fileID: 0}
    - target: {fileID: 4657991763592407449, guid: b670d36604c18354cb5e0deb2c9b7a31,
        type: 3}
      propertyPath: m_LocalEulerAnglesHint.z
      value: 0
      objectReference: {fileID: 0}
    - target: {fileID: 4657991763592407449, guid: b670d36604c18354cb5e0deb2c9b7a31,
        type: 3}
      propertyPath: m_LocalScale.y
      value: 45.00003
      objectReference: {fileID: 0}
    - target: {fileID: 4657991763592407449, guid: b670d36604c18354cb5e0deb2c9b7a31,
        type: 3}
      propertyPath: m_LocalScale.z
      value: 45.00003
      objectReference: {fileID: 0}
    - target: {fileID: 6392695779193036493, guid: b670d36604c18354cb5e0deb2c9b7a31,
        type: 3}
      propertyPath: m_Name
      value: BrokenColumn
      objectReference: {fileID: 0}
    m_RemovedComponents: []
  m_SourcePrefab: {fileID: 100100000, guid: b670d36604c18354cb5e0deb2c9b7a31, type: 3}
--- !u!4 &3081301467412064783 stripped
Transform:
  m_CorrespondingSourceObject: {fileID: 4657991763592407449, guid: b670d36604c18354cb5e0deb2c9b7a31,
    type: 3}
  m_PrefabInstance: {fileID: 7666949072902849430}
  m_PrefabAsset: {fileID: 0}
--- !u!1001 &7666949072958452059
PrefabInstance:
  m_ObjectHideFlags: 0
  serializedVersion: 2
  m_Modification:
    m_TransformParent: {fileID: 1942556775593294292}
    m_Modifications:
    - target: {fileID: 4657991763592407449, guid: b670d36604c18354cb5e0deb2c9b7a31,
        type: 3}
      propertyPath: m_LocalPosition.x
      value: -3
      objectReference: {fileID: 0}
    - target: {fileID: 4657991763592407449, guid: b670d36604c18354cb5e0deb2c9b7a31,
        type: 3}
      propertyPath: m_LocalPosition.y
      value: 1
      objectReference: {fileID: 0}
    - target: {fileID: 4657991763592407449, guid: b670d36604c18354cb5e0deb2c9b7a31,
        type: 3}
      propertyPath: m_LocalPosition.z
      value: -1
      objectReference: {fileID: 0}
    - target: {fileID: 4657991763592407449, guid: b670d36604c18354cb5e0deb2c9b7a31,
        type: 3}
      propertyPath: m_LocalRotation.x
      value: -0.7071068
      objectReference: {fileID: 0}
    - target: {fileID: 4657991763592407449, guid: b670d36604c18354cb5e0deb2c9b7a31,
        type: 3}
      propertyPath: m_LocalRotation.y
      value: -0
      objectReference: {fileID: 0}
    - target: {fileID: 4657991763592407449, guid: b670d36604c18354cb5e0deb2c9b7a31,
        type: 3}
      propertyPath: m_LocalRotation.z
      value: -0
      objectReference: {fileID: 0}
    - target: {fileID: 4657991763592407449, guid: b670d36604c18354cb5e0deb2c9b7a31,
        type: 3}
      propertyPath: m_LocalRotation.w
      value: 0.7071068
      objectReference: {fileID: 0}
    - target: {fileID: 4657991763592407449, guid: b670d36604c18354cb5e0deb2c9b7a31,
        type: 3}
      propertyPath: m_RootOrder
      value: 6
      objectReference: {fileID: 0}
    - target: {fileID: 4657991763592407449, guid: b670d36604c18354cb5e0deb2c9b7a31,
        type: 3}
      propertyPath: m_LocalEulerAnglesHint.x
      value: -90
      objectReference: {fileID: 0}
    - target: {fileID: 4657991763592407449, guid: b670d36604c18354cb5e0deb2c9b7a31,
        type: 3}
      propertyPath: m_LocalEulerAnglesHint.y
      value: 0
      objectReference: {fileID: 0}
    - target: {fileID: 4657991763592407449, guid: b670d36604c18354cb5e0deb2c9b7a31,
        type: 3}
      propertyPath: m_LocalEulerAnglesHint.z
      value: 0
      objectReference: {fileID: 0}
    - target: {fileID: 4657991763592407449, guid: b670d36604c18354cb5e0deb2c9b7a31,
        type: 3}
      propertyPath: m_LocalScale.y
      value: 45.00003
      objectReference: {fileID: 0}
    - target: {fileID: 4657991763592407449, guid: b670d36604c18354cb5e0deb2c9b7a31,
        type: 3}
      propertyPath: m_LocalScale.z
      value: 45.00003
      objectReference: {fileID: 0}
    - target: {fileID: 6392695779193036493, guid: b670d36604c18354cb5e0deb2c9b7a31,
        type: 3}
      propertyPath: m_Name
      value: BrokenColumn (1)
      objectReference: {fileID: 0}
    m_RemovedComponents: []
  m_SourcePrefab: {fileID: 100100000, guid: b670d36604c18354cb5e0deb2c9b7a31, type: 3}
--- !u!4 &3081301467482298562 stripped
Transform:
  m_CorrespondingSourceObject: {fileID: 4657991763592407449, guid: b670d36604c18354cb5e0deb2c9b7a31,
    type: 3}
  m_PrefabInstance: {fileID: 7666949072958452059}
  m_PrefabAsset: {fileID: 0}
--- !u!1001 &7666949074229577981
PrefabInstance:
  m_ObjectHideFlags: 0
  serializedVersion: 2
  m_Modification:
    m_TransformParent: {fileID: 1942556775593294292}
    m_Modifications:
    - target: {fileID: 4014196349683577285, guid: 573ca1220c274224086567b3411c94df,
        type: 3}
      propertyPath: m_LocalPosition.x
      value: -3
      objectReference: {fileID: 0}
    - target: {fileID: 4014196349683577285, guid: 573ca1220c274224086567b3411c94df,
        type: 3}
      propertyPath: m_LocalPosition.y
      value: 1
      objectReference: {fileID: 0}
    - target: {fileID: 4014196349683577285, guid: 573ca1220c274224086567b3411c94df,
        type: 3}
      propertyPath: m_LocalPosition.z
      value: 3.5
      objectReference: {fileID: 0}
    - target: {fileID: 4014196349683577285, guid: 573ca1220c274224086567b3411c94df,
        type: 3}
      propertyPath: m_LocalRotation.x
      value: -0.7071068
      objectReference: {fileID: 0}
    - target: {fileID: 4014196349683577285, guid: 573ca1220c274224086567b3411c94df,
        type: 3}
      propertyPath: m_LocalRotation.y
      value: -0
      objectReference: {fileID: 0}
    - target: {fileID: 4014196349683577285, guid: 573ca1220c274224086567b3411c94df,
        type: 3}
      propertyPath: m_LocalRotation.z
      value: -0
      objectReference: {fileID: 0}
    - target: {fileID: 4014196349683577285, guid: 573ca1220c274224086567b3411c94df,
        type: 3}
      propertyPath: m_LocalRotation.w
      value: 0.7071068
      objectReference: {fileID: 0}
    - target: {fileID: 4014196349683577285, guid: 573ca1220c274224086567b3411c94df,
        type: 3}
      propertyPath: m_RootOrder
      value: 8
      objectReference: {fileID: 0}
    - target: {fileID: 4014196349683577285, guid: 573ca1220c274224086567b3411c94df,
        type: 3}
      propertyPath: m_LocalEulerAnglesHint.x
      value: -90
      objectReference: {fileID: 0}
    - target: {fileID: 4014196349683577285, guid: 573ca1220c274224086567b3411c94df,
        type: 3}
      propertyPath: m_LocalEulerAnglesHint.y
      value: 0
      objectReference: {fileID: 0}
    - target: {fileID: 4014196349683577285, guid: 573ca1220c274224086567b3411c94df,
        type: 3}
      propertyPath: m_LocalEulerAnglesHint.z
      value: 0
      objectReference: {fileID: 0}
    - target: {fileID: 4014196349683577285, guid: 573ca1220c274224086567b3411c94df,
        type: 3}
      propertyPath: m_LocalScale.y
      value: 45.00003
      objectReference: {fileID: 0}
    - target: {fileID: 4014196349683577285, guid: 573ca1220c274224086567b3411c94df,
        type: 3}
      propertyPath: m_LocalScale.z
      value: 45.00003
      objectReference: {fileID: 0}
    - target: {fileID: 3433610347869718161, guid: 573ca1220c274224086567b3411c94df,
        type: 3}
      propertyPath: m_Name
      value: Column
      objectReference: {fileID: 0}
    m_RemovedComponents: []
  m_SourcePrefab: {fileID: 100100000, guid: 573ca1220c274224086567b3411c94df, type: 3}
--- !u!4 &6760804365507361080 stripped
Transform:
  m_CorrespondingSourceObject: {fileID: 4014196349683577285, guid: 573ca1220c274224086567b3411c94df,
    type: 3}
  m_PrefabInstance: {fileID: 7666949074229577981}
  m_PrefabAsset: {fileID: 0}
--- !u!1001 &7666949074263202589
PrefabInstance:
  m_ObjectHideFlags: 0
  serializedVersion: 2
  m_Modification:
    m_TransformParent: {fileID: 1942556775593294292}
    m_Modifications:
    - target: {fileID: 8475754926573867327, guid: b40f06fb2a308354ca04020a477076f2,
        type: 3}
      propertyPath: m_LocalPosition.x
      value: 3
      objectReference: {fileID: 0}
    - target: {fileID: 8475754926573867327, guid: b40f06fb2a308354ca04020a477076f2,
        type: 3}
      propertyPath: m_LocalPosition.y
      value: 1
      objectReference: {fileID: 0}
    - target: {fileID: 8475754926573867327, guid: b40f06fb2a308354ca04020a477076f2,
        type: 3}
      propertyPath: m_LocalPosition.z
      value: 3.5
      objectReference: {fileID: 0}
    - target: {fileID: 8475754926573867327, guid: b40f06fb2a308354ca04020a477076f2,
        type: 3}
      propertyPath: m_LocalRotation.x
      value: -0.6830127
      objectReference: {fileID: 0}
    - target: {fileID: 8475754926573867327, guid: b40f06fb2a308354ca04020a477076f2,
        type: 3}
      propertyPath: m_LocalRotation.y
      value: 0.18301274
      objectReference: {fileID: 0}
    - target: {fileID: 8475754926573867327, guid: b40f06fb2a308354ca04020a477076f2,
        type: 3}
      propertyPath: m_LocalRotation.z
      value: 0.18301274
      objectReference: {fileID: 0}
    - target: {fileID: 8475754926573867327, guid: b40f06fb2a308354ca04020a477076f2,
        type: 3}
      propertyPath: m_LocalRotation.w
      value: 0.6830127
      objectReference: {fileID: 0}
    - target: {fileID: 8475754926573867327, guid: b40f06fb2a308354ca04020a477076f2,
        type: 3}
      propertyPath: m_RootOrder
      value: 5
      objectReference: {fileID: 0}
    - target: {fileID: 8475754926573867327, guid: b40f06fb2a308354ca04020a477076f2,
        type: 3}
      propertyPath: m_LocalEulerAnglesHint.x
      value: -90
      objectReference: {fileID: 0}
    - target: {fileID: 8475754926573867327, guid: b40f06fb2a308354ca04020a477076f2,
        type: 3}
      propertyPath: m_LocalEulerAnglesHint.y
      value: 30
      objectReference: {fileID: 0}
    - target: {fileID: 8475754926573867327, guid: b40f06fb2a308354ca04020a477076f2,
        type: 3}
      propertyPath: m_LocalEulerAnglesHint.z
      value: 0
      objectReference: {fileID: 0}
    - target: {fileID: 8475754926573867327, guid: b40f06fb2a308354ca04020a477076f2,
        type: 3}
      propertyPath: m_LocalScale.y
      value: 45.00002
      objectReference: {fileID: 0}
    - target: {fileID: 8475754926573867327, guid: b40f06fb2a308354ca04020a477076f2,
        type: 3}
      propertyPath: m_LocalScale.z
      value: 45.000015
      objectReference: {fileID: 0}
    - target: {fileID: 7893690944906438251, guid: b40f06fb2a308354ca04020a477076f2,
        type: 3}
      propertyPath: m_Name
      value: BrokenColumnDiagnal
      objectReference: {fileID: 0}
    m_RemovedComponents: []
  m_SourcePrefab: {fileID: 100100000, guid: b40f06fb2a308354ca04020a477076f2, type: 3}
--- !u!4 &2304039521639205410 stripped
Transform:
  m_CorrespondingSourceObject: {fileID: 8475754926573867327, guid: b40f06fb2a308354ca04020a477076f2,
    type: 3}
  m_PrefabInstance: {fileID: 7666949074263202589}
  m_PrefabAsset: {fileID: 0}
